%Internetseite
@BOOK{Dijkstra,
  AUTHOR       = "John Paul Mueller and Luca Massaron",
  TITLE        = "Algorithmen f√ºr Dummies",
  PUBLISHER    = "John Wiley \& Sons, Inc.",
  YEAR         = "2017",
  ADDRESS      = "111 River Street, Hoboken"
}